<record><leader>00000cas a2200000 a 4500</leader><controlfield tag="001">34621666</controlfield><controlfield tag="008">960424d18891895azudr ne      0    0eng d</controlfield><datafield ind1=" " ind2=" " tag="010"><subfield code="a">sn 96064400 </subfield></datafield><datafield ind1=" " ind2=" " tag="040"><subfield code="a">CNK</subfield><subfield code="b">eng</subfield><subfield code="c">CNK</subfield><subfield code="d">ANN</subfield><subfield code="d">OCLCQ</subfield><subfield code="d">OCLCF</subfield><subfield code="d">OCLCO</subfield></datafield><datafield ind1="1" ind2=" " tag="029"><subfield code="a">AU@</subfield><subfield code="b">000012366945</subfield></datafield><datafield ind1=" " ind2=" " tag="042"><subfield code="a">msc</subfield></datafield><datafield ind1=" " ind2=" " tag="043"><subfield code="a">n-us-az</subfield></datafield><datafield ind1="0" ind2="0" tag="245"><subfield code="a">Arizona daily gazette.</subfield></datafield><datafield ind1="1" ind2="3" tag="246"><subfield code="a">Arizona gazette</subfield></datafield><datafield ind1="1" ind2="3" tag="246"><subfield code="a">Daily gazette</subfield></datafield><datafield ind1=" " ind2=" " tag="260"><subfield code="a">Phoenix, Ariz. :</subfield><subfield code="b">Gazette Co.,</subfield><subfield code="c">1889-</subfield></datafield><datafield ind1=" " ind2=" " tag="300"><subfield code="a">v.</subfield></datafield><datafield ind1=" " ind2=" " tag="310"><subfield code="a">Daily</subfield></datafield><datafield ind1="0" ind2=" " tag="362"><subfield code="a">Vol. 18, no. 91 (Oct. 6, 1889)-</subfield></datafield><datafield ind1="1" ind2=" " tag="362"><subfield code="a">Ceased Jan. 1895.</subfield></datafield><datafield ind1=" " ind2=" " tag="500"><subfield code="a">"Only Democratic Paper in Maricopa County."</subfield></datafield><datafield ind1=" " ind2="0" tag="651"><subfield code="a">Phoenix (Ariz.)</subfield><subfield code="v">Newspapers.</subfield></datafield><datafield ind1=" " ind2="0" tag="651"><subfield code="a">Maricopa County (Ariz.)</subfield><subfield code="v">Newspapers.</subfield></datafield><datafield ind1=" " ind2="7" tag="655"><subfield code="a">Newspapers.</subfield><subfield code="2">fast</subfield><subfield code="0">(OCoLC)fst01423814</subfield></datafield><datafield ind1=" " ind2="7" tag="651"><subfield code="a">Arizona</subfield><subfield code="z">Maricopa County.</subfield><subfield code="2">fast</subfield><subfield code="0">(OCoLC)fst01217111</subfield></datafield><datafield ind1=" " ind2="7" tag="651"><subfield code="a">Arizona</subfield><subfield code="z">Phoenix.</subfield><subfield code="2">fast</subfield><subfield code="0">(OCoLC)fst01213753</subfield></datafield><datafield ind1=" " ind2=" " tag="752"><subfield code="a">United States</subfield><subfield code="b">Arizona</subfield><subfield code="c">Maricopa</subfield><subfield code="d">Phoenix.</subfield></datafield><datafield ind1="0" ind2=" " tag="775"><subfield code="a">Arizona gazette (Phoenix, Ariz. : 1880 : Weekly)</subfield><subfield code="w">(DLC)sn 97060102</subfield><subfield code="w">(OCoLC)36553749</subfield></datafield><datafield ind1="0" ind2=" " tag="775"><subfield code="t">Arizona weekly gazette (Phoenix, Ariz. : 1892)</subfield><subfield code="w">(DLC)sn 97060104</subfield><subfield code="w">(OCoLC)36553741</subfield></datafield><datafield ind1="0" ind2="0" tag="780"><subfield code="t">Arizona gazette (Phoenix, Ariz. : 1880 : Daily)</subfield><subfield code="w">(DLC)sn 97060101</subfield><subfield code="w">(OCoLC)36553730</subfield></datafield><datafield ind1="0" ind2="0" tag="785"><subfield code="t">Arizona gazette (Phoenix, Ariz. : 1895 : Daily)</subfield><subfield code="w">(DLC)sn 85032940</subfield><subfield code="w">(OCoLC)12956682</subfield></datafield></record>